<?xml version="1.0" encoding="UTF-8"?><collection xmlns="http://www.loc.gov/MARC21/slim"><record><leader>00552nam--2200181-i-4500</leader><controlfield tag="001">000023220</controlfield><controlfield tag="002">20161230</controlfield><controlfield tag="005">20161230201034</controlfield><controlfield tag="008">060222s1000------------r-----000-0-fre-d</controlfield><datafield ind1=" " ind2=" " tag="040"><subfield code="a">IFIN-HH</subfield></datafield><datafield ind1=" " ind2=" " tag="041"><subfield code="a">fre</subfield></datafield><datafield ind1=" " ind2=" " tag="080"><subfield code="a">53.02:015</subfield></datafield><datafield ind1="1" ind2=" " tag="100"><subfield code="a">Javelot, Michel</subfield></datafield><datafield ind1="1" ind2="0" tag="245"><subfield code="a">La simulation du milieu environnant dans l`evaluation des systems physiques lies au sol</subfield><subfield code="b">These</subfield><subfield code="c">Michel javelot</subfield></datafield><datafield ind1=" " ind2=" " tag="260"><subfield code="a">Rennes</subfield><subfield code="b">Faculte Des Sciences De L`Universite De Rennes</subfield><subfield code="c">1971</subfield></datafield><datafield ind1=" " ind2=" " tag="300"><subfield code="a">202P.+112 FIG</subfield></datafield><datafield ind1=" " ind2=" " tag="852"><subfield code="a">38009</subfield><subfield code="c">53.02</subfield></datafield><datafield ind1=" " ind2=" " tag="CAT"><subfield code="a">Sys</subfield><subfield code="c">20151021</subfield><subfield code="h">114138</subfield></datafield></record></collection>